@ONLINE{ASQglossary,
author = {American society for quality},
title = {Quality glossary},
year = {2013},
url = {http://asq.org/glossary/q.html}
}

@book{jones2011economics,
  title={The Economics of Software Quality},
  author={Jones, C. and Bonsignour, O. and Subramanyam, J.},
  isbn={9780132582209},
  lccn={2011014858},
  url={http://books.google.fi/books?id=\_t5l5Cn0NBEC},
  year={2011},
  publisher={Addison-Wesley}
}
